<?xml version="1.0" encoding="UTF-8"?><collection xmlns="http://www.loc.gov/MARC21/slim"><record><leader>00420nam--2200145-i-4500</leader><controlfield tag="001">000040577</controlfield><controlfield tag="002">20161230</controlfield><controlfield tag="005">20161230201042</controlfield><controlfield tag="008">060222s1000------------r-----000-0-eng-d</controlfield><datafield ind1=" " ind2=" " tag="080"><subfield code="a">511.2</subfield></datafield><datafield ind1=" " ind2=" " tag="100"><subfield code="a">Schmidt,E.T</subfield></datafield><datafield ind1=" " ind2=" " tag="245"><subfield code="a">Kongruenzrelationen algebraischer strukturen. mit 8 abbildungen</subfield></datafield><datafield ind1=" " ind2=" " tag="260"><subfield code="a">Berlin, Veb Deutscher Verlag Der Wissenschaften, 1969</subfield></datafield><datafield ind1=" " ind2=" " tag="490"><subfield code="a">Mathematische Forschungsberichte</subfield></datafield><datafield ind1=" " ind2=" " tag="852"><subfield code="a">31862</subfield></datafield></record></collection>